<record><leader>00000cas a22000007a 4500</leader><controlfield tag="001">9839991</controlfield><controlfield tag="008">830824d19011980ksuwr ne      0    0eng d</controlfield><datafield ind1=" " ind2=" " tag="010"><subfield code="a">sn 83040509 </subfield></datafield><datafield ind1=" " ind2=" " tag="040"><subfield code="a">KSH</subfield><subfield code="b">eng</subfield><subfield code="c">KSH</subfield><subfield code="d">NPT</subfield><subfield code="d">OCLCQ</subfield></datafield><datafield ind1=" " ind2=" " tag="042"><subfield code="a">msc</subfield></datafield><datafield ind1=" " ind2=" " tag="043"><subfield code="a">n-us-ks</subfield></datafield><datafield ind1="0" ind2=" " tag="130"><subfield code="a">Independent (Whitewater, Kan.)</subfield></datafield><datafield ind1="1" ind2="4" tag="245"><subfield code="a">The independent.</subfield></datafield><datafield ind1=" " ind2=" " tag="260"><subfield code="a">Whitewater, Kan. :</subfield><subfield code="b">Rose Pub. Co.,</subfield><subfield code="c">1901-1980.</subfield></datafield><datafield ind1=" " ind2=" " tag="300"><subfield code="a">80 v. :</subfield><subfield code="b">ill. (chiefly advertisements) ;</subfield><subfield code="c">50 cm.</subfield></datafield><datafield ind1=" " ind2=" " tag="310"><subfield code="a">Weekly</subfield></datafield><datafield ind1="0" ind2=" " tag="362"><subfield code="a">Vol. 16, no. 49 (Feb. 8, 1901)-v. 97, no. 27 (Aug. 27, 1980).</subfield></datafield><datafield ind1=" " ind2=" " tag="500"><subfield code="a">Published on Thursday.</subfield></datafield><datafield ind1=" " ind2=" " tag="530"><subfield code="a">Available on microfilm from the Forman Co., Monmouth, Ill.</subfield></datafield><datafield ind1=" " ind2=" " tag="752"><subfield code="a">United States</subfield><subfield code="b">Kansas</subfield><subfield code="c">Butler</subfield><subfield code="d">Whitewater.</subfield></datafield><datafield ind1="0" ind2="0" tag="780"><subfield code="t">Weekly independent (Whitewater, Kan.)</subfield><subfield code="w">(DLC)sn 83040655</subfield></datafield><datafield ind1="0" ind2="4" tag="785"><subfield code="t">Butler County news and Butler free-lance</subfield><subfield code="w">(DLC)sn 83040514</subfield></datafield></record>